=LDR  01848 am a2200469 i 4500
=001  019286714
=003  Uk
=005  20190329111644.0
=006  m\\\\||\\d\|\\\\\\
=007  cr\|||||||||||
=008  190218s2016\\\\nik|||||o||||f||||||eng|d
=FMT  \\$a  BK
=037  \\$aNIOPA_8078$bQueen's University Belfast$nNorthern Ireland Official Publications Repository
=040  \\$aNiBfQU$beng$cNiBfQU$dUk$erda
=042  \\$aukblsr
=082  04$a353.4$223
=110  1\$aNorthern Ireland.$bJudicial Appointments Commission,$eauthor.
=245  10$aNature of the Role of a Disability Qualified Member of the Appeal Tribunals for Northern Ireland.
=264  \1$a[Belfast] :$b[Northern Ireland Judicial Appointments Commission],$c2016.
=300  \\$a1 online resource.
=336  \\$atext$2rdacontent
=337  \\$acomputer$2rdamedia
=338  \\$aonline resource$2rdacarrier
=650  \7$aJustice, Administration of.$2fast$0(OCoLC)fst00985154
=650  \7$aAdministrative courts.$2fast$0(OCoLC)fst00796828
=650  \7$aPublic administration.$2fast$0(OCoLC)fst01081976
=651  \7$aNorthern Ireland.$2fast$0(OCoLC)fst01205215
=655  \0$aGovernment publications.
=690  7\$aManagement and Business Studies$2blcoll
=884  \\$aLDL ebooks transformation to marcxml using queens_eb2marc.xsl$g20190220$kNIOPA_8078$qUk
=859  \\$aELD$bebook
=CAT  \\$aBATCH-EBKN$b00$c20190307$lBLL01$h0201
=CAT  \\$aEBKS-FXD$c20190307$lBLL01$h0211
=CAT  \\$aBATCH$b00$c20190307$lBLL01$h0213
=CAT  \\$a7907$b40$c20190314$lBLL01$h1235
=CAT  \\$aBATCH-MBS$c20190322$lBLL01$h2116
=CAT  \\$a8250$b40$c20190329$lBLL01$h1116
=FIN  \\$aY$d20190314
=DRT  \\$aLD-ebooks
=SRC  \\$aCollection Metadata
=STA  \\$aSUPPRESSED$bJob description for role with the Commission.
=LAS  \\$a8250$b40$c20190329$lBLL01$h1116

