=LDR  02544cam a2200637 i 4500
=001  019370407
=003  Uk
=005  20230815173207.0
=006  m\\\\||\\d\|\\\\\\
=007  cr\|||||||||||
=008  180623s2018\\\\stk\\\\\ob\\\f000\0\eng\d
=FMT  \\$a  BK
=015  \\$aGBC3F6356$2bnb
=020  \\$a9781788519786$qElectronic book (PDF format)
=037  \\$a9781788519786$bNational Library of Scotland
=040  \\$aStEdNL$beng$cStEdNL$dUk$erda
=042  \\$aukblsr
=082  04$a364$223
=110  1\$aScotland.$bJustice Department.$bAnalytical Services Division.
=245  10$aReligiously aggravated offending in Scotland 2017-18 /$cJustice Analytical Services, The Scottish Government.
=264  \1$aEdinburgh :$bThe Scottish Government,$c2018.
=300  \\$a1 online resource (23 pages)
=336  \\$atext$2rdacontent
=337  \\$acomputer$2rdamedia
=338  \\$aonline resource$2rdacarrier
=490  1\$aSocial Research series,$x2045-6964
=504  \\$aIncludes bibliographical references.
=538  \\$aSystem requirements: Adobe Reader required to view PDF document.
=588  \\$aDescription based on online resource; title from PDF title page (Scottish Government, viewed Jun 23, 2018)
=500  \\$a"Crime and justice".
=500  \\$a"Produced for the Scottish Government by APS Group Scotland."
=500  \\$a"PPDAS426786 (06/18)".
=500  \\$a"Published by the Scottish Government, June 2018."
=650  \7$aCrime.$2fast$0(OCoLC)fst00882984
=650  \7$aCrime$xReligious aspects.$2fast$0(OCoLC)fst00883009
=650  \7$aHate crimes.$2fast$0(OCoLC)fst00951873
=651  \7$aScotland.$2fast$0(OCoLC)fst01206715
=655  \0$aGovernment publications.
=710  1\$aScotland.$bScottish Government,$eissuing body.
=710  2\$aAPS Group Scotland.
=830  \0$aSocial Research series.$x2045-6964
=884  \\$aLDL ebooks transformation to marcxml using nls_eb2marc.xsl$g20190408$k9781788519786$qUk
=859  \\$aELD$bebook
=CAT  \\$aBATCH-EBKN$b00$c20190418$lBLL01$h0210
=CAT  \\$aBATCH-UPD$b00$c20190418$lBLL01$h0211
=CAT  \\$aEBKS-FXD$c20190418$lBLL01$h0217
=CAT  \\$aBATCH$b00$c20190418$lBLL01$h0217
=CAT  \\$a7907$b40$c20190430$lBLL01$h1217
=CAT  \\$a8874$b40$c20230811$lBLL01$h0721
=CAT  \\$aBATCH-DDC$b00$c20230815$lBLL01$h1732
=CAT  \\$aBATCH$b00$c20230815$lBLL01$h1732
=FIN  \\$aY$d20230815
=DRT  \\$aLD-ebooks
=SRC  \\$aCollection Metadata
=STA  \\$aSUPPRESSED$bNLS record
=LAS  \\$aBATCH$b00$c20230815$lBLL01$h1732

