=LDR  02804cam a2200709 i 4500
=001  020420933
=003  Uk
=005  20230811072400.0
=006  m\\\\||\\d\|\\\\\\
=007  cr\|||||||||||
=008  200709s2017\\\\stkac\\\o\\\\f000\0\eng\d
=FMT  \\$a  BK
=015  \\$aGBC1L5024$2bnb
=020  \\$a9781788510080$qElectronic book (PDF format)
=037  \\$a9781788510080$bNational Library of Scotland
=040  \\$aStEdNL$beng$cStEdNL$dUk$erda
=042  \\$aukblsr
=082  04$a364$223
=100  1\$aFoster, Rebecca$q(Rebecca Gillian),$eauthor.
=245  10$aReligiously aggravated offending in Scotland 2016-17 /$cRebecca Foster and Katherine Myant.
=264  \1$aEdinburgh :$bThe Scottish Government,$c2017.
=300  \\$a1 online resource (24 pages) :$billustrations (colour), charts (colour)
=336  \\$atext$2rdacontent
=337  \\$acomputer$2rdamedia
=338  \\$aonline resource$2rdacarrier
=490  1\$aSocial Research series,$x2045-6964
=504  \\$aIncludes bibliographical references.
=538  \\$aSystem requirements: Adobe Reader required to view PDF document.
=588  \\$aDescription from online resource; title from PDF title page (Scottish Government, viewed July 9 2020)
=500  \\$a"Crime and justice".
=500  \\$a"Social Research".
=500  \\$a"Published by the Scottish Government, June 2017".
=500  \\$a"Produced for The Scottish Government by APS Group Scotland".
=500  \\$a"PPDAS265608 (06/17)".
=650  \7$aCrime.$2fast$0(OCoLC)fst00882984
=650  \7$aCrime$xReligious aspects.$2fast$0(OCoLC)fst00883009
=650  \7$aHate crimes.$2fast$0(OCoLC)fst00951873
=651  \7$aScotland.$2fast$0(OCoLC)fst01206715
=655  \0$aGovernment publications.
=690  7\$aSocial Welfare$2blcoll
=700  1\$aMyant, Katherine,$eauthor.
=710  1\$aScotland.$bScottish Government,$eissuing body.
=710  1\$aScotland.$bSocial Research.
=710  2\$aAPS Group Scotland.
=830  \0$aSocial Research series.$x2045-6964
=884  \\$aLDL ebooks transformation to marcxml using nls_eb2marc.xsl$g20210325$k9781788510080$qUk
=859  \\$aELD$bebook
=CAT  \\$aBATCH-EBKN$b00$c20211209$lBLL01$h0210
=CAT  \\$aBATCH-UPD$b00$c20211209$lBLL01$h0210
=CAT  \\$aEBKS-FXD$c20211209$lBLL01$h0220
=CAT  \\$aBATCH$b00$c20211209$lBLL01$h0221
=CAT  \\$a3391$b40$c20211226$lBLL01$h1424
=CAT  \\$aBATCH-DDC$b00$c20211228$lBLL01$h1703
=CAT  \\$aBATCH$b00$c20211228$lBLL01$h1703
=CAT  \\$aBATCH-SWP$c20220107$lBLL01$h2210
=CAT  \\$a5194$b40$c20220419$lBLL01$h1230
=CAT  \\$a8874$b40$c20230811$lBLL01$h0724
=FIN  \\$aY$d20211228
=DRT  \\$aLD-ebooks
=SRC  \\$aCollection Metadata
=STA  \\$aSUPPRESSED$bNLS record
=LAS  \\$a8874$b40$c20230811$lBLL01$h0724

