=LDR  00895 am a22003015i 4500
=001  019199940
=003  Uk
=005  20190619113749.0
=006  m\\\\||\\d\|\\\\\\
=007  cr\|||||||||||
=008  190107s2018\\\\xxk|||||o\\\\||||\||eng\\
=FMT  \\$a  BK
=040  \\$aUk$beng$cUk
=245  00$aAdvice for DfT on competition impacts of airport slot allocation.
=264  \1$a[UK],$c2018.
=300  \\$a1 online resource.
=336  \\$atext$2rdacontent
=337  \\$acomputer$2rdamedia
=338  \\$aonline resource$2rdacarrier
=859  \\$aELD$bebook
=CAT  \\$aBATCH-EBKN$b00$c20190107$lBLL01$h0200
=CAT  \\$aEBKS-FXD$c20190107$lBLL01$h0205
=CAT  \\$aBATCH$b00$c20190107$lBLL01$h0206
=CAT  \\$a8250$b40$c20190619$lBLL01$h1137
=DRT  \\$aLD-ebooks
=SRC  \\$aSubmission Portal
=STA  \\$aSUPPRESSED$bDuplicate of 019431790
=LAS  \\$a8250$b40$c20190619$lBLL01$h1137

