=LDR  01998cam a22005057i 4500
=001  020953776
=003  Uk
=005  20230811071222.0
=006  m\\\\||\\d\|\\\\\\
=007  cr\|||||||||||
=008  200907s2021\\\\stka\\\\ob\\\f000\0\eng\d
=FMT  \\$a  BK
=020  \\$a9781802011128$qElectronic book (PDF format)
=037  \\$a9781802011128$bNational Library of Scotland
=040  \\$aStEdNL$beng$cStEdNL$dUk$erda
=130  0\$aHomelessness in Scotland (2020-21)
=245  10$aHomelessness in Scotland :$b2020-21.
=246  3\$aHomelessness in Scotland :$b2019-2021
=264  \1$a[Edinburgh] :$bThe Scottish Government,$c[2021]
=300  \\$a1 online resource (36 pages :$billustrations)
=336  \\$atext$2rdacontent
=337  \\$acomputer$2rdamedia
=338  \\$aonline resource$2rdacarrier
=504  \\$aIncludes bibliographical references.
=538  \\$aSystem requirements: Adobe Reader required to view PDF document.
=588  \\$aDescription from online resource; title from PDF title page (Scottish Government, viewed August 20, 2021)
=500  \\$a"Produced for The Scottish Government by APS Group Scotland".
=500  \\$a"People, communities and places".
=500  \\$a"A national statistics publication for Scotland".
=500  \\$a"PPDAS888246 (06/21)".
=651  \7$aScotland.$2fast$0(OCoLC)fst01206715
=655  \0$aGovernment publications.
=710  1\$aScotland.$bScottish Government,$eissuing body.
=710  2\$aAPS Group Scotland.
=884  \\$aLDL ebooks transformation to marcxml using nls_eb2marc.xsl$g20210927$k9781802011128$qUk
=859  \\$aELD$bebook
=CAT  \\$aBATCH-EBKN$b00$c20230209$lBLL01$h0213
=CAT  \\$aBATCH-UPD$b00$c20230209$lBLL01$h0213
=CAT  \\$aEBKS-FXD$c20230209$lBLL01$h0224
=CAT  \\$aBATCH$b00$c20230209$lBLL01$h0225
=CAT  \\$a8874$b40$c20230811$lBLL01$h0712
=DRT  \\$aLD-ebooks
=SRC  \\$aCollection Metadata
=STA  \\$aSUPPRESSED$bNLS record
=LAS  \\$a8874$b40$c20230811$lBLL01$h0712

