=LDR  01821cam a22004577i 4500
=001  020977504
=003  Uk
=005  20230811071327.0
=006  m\\\\||\\d\|\\\\\\
=007  cr\|||||||||||
=008  210729s2021\\\\stkac\\\o\\\\f000\0\eng\d
=FMT  \\$a  BK
=020  \\$a9781802011616$qElectronic book (PDF format)
=037  \\$a9781802011616$bNational Library of Scotland
=040  \\$aStEdNL$beng$cStEdNL$dUk$erda
=245  00$aPlanning and Environmental Appeals Division (DPEA) :$bAnnual Review 2020-21.
=264  \1$aEdinburgh :$bThe Scottish Government,$c2021.
=300  \\$a1 online resource (33 pages :$billustrations (colour), portraits (colour))
=336  \\$atext$2rdacontent
=337  \\$acomputer$2rdamedia
=338  \\$aonline resource$2rdacarrier
=538  \\$aSystem requirements: Adobe Reader required to view PDF document.
=588  \\$aDescription from online resource; title from PDF title page (Scottish Government, viewed September 9, 2021)
=500  \\$a"July 2021".
=500  \\$a"Produced for The Scottish Government by APS Group Scotland".
=500  \\$a"PPDAS901566 (07/21)".
=651  \7$aScotland.$2fast$0(OCoLC)fst01206715
=655  \0$aGovernment publications.
=710  1\$aScotland.$bScottish Government,$eissuing body.
=710  2\$aAPS Group Scotland.
=884  \\$aLDL ebooks transformation to marcxml using nls_eb2marc.xsl$g20211025$k9781802011616$qUk
=859  \\$aELD$bebook
=CAT  \\$aBATCH-EBKN$b00$c20230302$lBLL01$h0201
=CAT  \\$aBATCH-UPD$b00$c20230302$lBLL01$h0201
=CAT  \\$aEBKS-FXD$c20230302$lBLL01$h0212
=CAT  \\$aBATCH$b00$c20230302$lBLL01$h0213
=CAT  \\$a8874$b40$c20230811$lBLL01$h0713
=DRT  \\$aLD-ebooks
=SRC  \\$aCollection Metadata
=STA  \\$aSUPPRESSED$bNLS record
=LAS  \\$a8874$b40$c20230811$lBLL01$h0713

