=LDR  01908cam a22004817i 4500
=001  020992887
=003  Uk
=005  20230811071500.0
=006  m\\\\||\\d\|\\\\\\
=007  cr\|||||||||||
=008  210915s2021\\\\stkb\\\\o\\\\f000\0\eng\d
=FMT  \\$a  BK
=020  \\$a9781802012613$qElectronic book (PDF format)
=037  \\$a9781802012613$bNational Library of Scotland
=040  \\$aStEdNL$beng$cStEdNL$dUk$erda
=130  0\$aGovernment expenditure & revenue Scotland (August 2021)
=245  10$aGovernment expenditure & revenue Scotland :$b2020-21.
=246  3\$aGovernment expenditure and revenue Scotland
=264  \1$aEdinburgh :$bThe Scottish Government,$c2021.
=300  \\$a1 online resource (61 pages :$b1 map (colour))
=336  \\$atext$2rdacontent
=337  \\$acomputer$2rdamedia
=338  \\$aonline resource$2rdacarrier
=538  \\$aSystem requirements: Adobe Reader required to view PDF document.
=588  \\$aDescription from online resource; title from PDF caption title (Scottish Government, viewed September 15, 2021)
=500  \\$a"Produced for The Scottish Government by APS Group Scotland."
=500  \\$a"August 2021."
=500  \\$a"PPDAS918666 (08/21)."
=651  \7$aScotland.$2fast$0(OCoLC)fst01206715
=655  \0$aGovernment publications.
=710  1\$aScotland.$bScottish Government,$eissuing body.
=710  2\$aAPS Group Scotland.
=884  \\$aLDL ebooks transformation to marcxml using nls_eb2marc.xsl$g20211025$k9781802012613$qUk
=859  \\$aELD$bebook
=CAT  \\$aBATCH-EBKN$b00$c20230316$lBLL01$h0201
=CAT  \\$aBATCH-UPD$b00$c20230316$lBLL01$h0202
=CAT  \\$aEBKS-FXD$c20230316$lBLL01$h0207
=CAT  \\$aBATCH$b00$c20230316$lBLL01$h0208
=CAT  \\$a8874$b40$c20230811$lBLL01$h0715
=DRT  \\$aLD-ebooks
=SRC  \\$aCollection Metadata
=STA  \\$aSUPPRESSED$bNLS record
=LAS  \\$a8874$b40$c20230811$lBLL01$h0715

