=LDR  02151cam a22005177i 4500
=001  021027981
=003  Uk
=005  20230811071602.0
=006  m\\\\||\\d\|\\\\\\
=007  cr\|||||||||||
=008  211118s2016\\\\stkd\\\\ob\\\f000\0\eng\d
=FMT  \\$a  BK
=020  \\$a9781785443037$qElectronic book (PDF format)
=037  \\$a9781785443037$bNational Library of Scotland
=040  \\$aStEdNL$beng$cStEdNL$dUk$erda
=100  1\$aDavidson, Neil$c(Government researcher),$eauthor.
=245  10$aCharges reported under the Offensive Behaviour at Football and Threatening Communications (Scotland) Act 2012 in 2015-16 /$cNeil Davidson.
=264  \1$aEdinburgh :$bThe Scottish Government,$c2016.
=300  \\$a1 online resource (28 pages :$b1 chart (colour))
=336  \\$atext$2rdacontent
=337  \\$acomputer$2rdamedia
=338  \\$aonline resource$2rdacarrier
=490  1\$aSocial Research series,$x2045-6964
=504  \\$aIncludes bibliographical references.
=538  \\$aSystem requirements: Adobe Reader required to view PDF document.
=588  \\$aDescription from online resource; title from PDF title page (Scottish Government, viewed 18 November 2021)
=500  \\$a"Crime and justice".
=500  \\$a"Published by the Scottish Government, June 2016".
=500  \\$a"Produced for The Scottish Government by APS Group Scotland".
=500  \\$a"PPDAS73303 (06/16)".
=651  \7$aScotland.$2fast$0(OCoLC)fst01206715
=655  \0$aGovernment publications.
=710  1\$aScotland.$bScottish Government,$eissuing body.
=710  2\$aAPS Group Scotland.
=830  \0$aSocial Research series.$x2045-6964
=884  \\$aLDL ebooks transformation to marcxml using nls_eb2marc.xsl$g20220130$k9781785443037$qUk
=859  \\$aELD$bebook
=CAT  \\$aBATCH-EBKN$b00$c20230420$lBLL01$h0201
=CAT  \\$aBATCH-UPD$b00$c20230420$lBLL01$h0202
=CAT  \\$aEBKS-FXD$c20230420$lBLL01$h0208
=CAT  \\$aBATCH$b00$c20230420$lBLL01$h0208
=CAT  \\$a8874$b40$c20230811$lBLL01$h0716
=DRT  \\$aLD-ebooks
=SRC  \\$aCollection Metadata
=STA  \\$aSUPPRESSED$bNLS record
=LAS  \\$a8874$b40$c20230811$lBLL01$h0716

