=LDR  01902cam a2200493 i 4500
=001  021027998
=003  Uk
=005  20230811071701.0
=006  m\\\\||\\d\|\\\\\\
=007  cr\|||||||||||
=008  211012s2021\\\\stk\\\\\ob\\\f000\0\eng\d
=FMT  \\$a  BK
=020  \\$a9781802014594$qElectronic book (PDF format)
=037  \\$a9781802014594$bNational Library of Scotland
=040  \\$aStEdNL$beng$cStEdNL$dUk$erda
=043  \\$ae-uk-st
=245  00$aReconviction rates in Scotland :$b2018-19 offender cohort.
=264  \1$aEdinburgh :$bThe Scottish Government,$c2021.
=300  \\$a1 online resource (91 pages)
=336  \\$atext$2rdacontent
=337  \\$acomputer$2rdamedia
=338  \\$aonline resource$2rdacarrier
=504  \\$aIncludes bibliographical references.
=538  \\$aSystem requirements: Adobe Reader required to view PDF document.
=588  \\$aDescription from online resource; title from PDF title page (Scottish Government, viewed 1st December 2021)
=500  \\$a"Produced for The Scottish Government by APS Group Scotland ... ".
=500  \\$a"PPDAS945566 (10/21)".
=500  \\$a"A National Statistics publication for Scotland".
=500  \\$a"Crime and justice".
=655  \0$aGovernment publications.
=710  1\$aScotland.$bScottish Government,$eissuing body.
=710  2\$aAPS Group Scotland.
=710  2\$aUK Statistics Authority.
=884  \\$aLDL ebooks transformation to marcxml using nls_eb2marc.xsl$g20220130$k9781802014594$qUk
=859  \\$aELD$bebook
=CAT  \\$aBATCH-EBKN$b00$c20230420$lBLL01$h0201
=CAT  \\$aBATCH-UPD$b00$c20230420$lBLL01$h0202
=CAT  \\$aEBKS-FXD$c20230420$lBLL01$h0208
=CAT  \\$aBATCH$b00$c20230420$lBLL01$h0208
=CAT  \\$a8874$b40$c20230811$lBLL01$h0717
=DRT  \\$aLD-ebooks
=SRC  \\$aCollection Metadata
=STA  \\$aSUPPRESSED$bNLS record
=LAS  \\$a8874$b40$c20230811$lBLL01$h0717

