=LDR  02463cam a2200637 i 4500
=001  021045154
=003  Uk
=005  20230811071824.0
=006  m\\\\||\\d\|\\\\\\
=007  cr\|||||||||||
=008  210729s2021\\\\stka\\\\ob\\\f000\0\eng\d
=FMT  \\$a  BK
=015  \\$aGBC394533$2bnb
=020  \\$a9781802014150$qElectronic book (PDF format)
=037  \\$a9781802014150$bNational Library of Scotland
=040  \\$aStEdNL$beng$cStEdNL$dUk$erda
=042  \\$aukblsr
=082  04$a364$223
=130  0\$aRecorded crime in Scotland (2020-21)
=245  10$aRecorded crime in Scotland :$b2020-21.
=264  \1$aEdinburgh :$bThe Scottish Government,$c2021.
=300  \\$a1 online resource (116 pages):$billustrations (colour)
=336  \\$atext$2rdacontent
=337  \\$acomputer$2rdamedia
=338  \\$aonline resource$2rdacarrier
=504  \\$aIncludes bibliographical references.
=538  \\$aSystem requirements: Adobe Reader required to view PDF document.
=588  \\$aDescription from online resource; title from PDF title page (Scottish Government, viewed February 24, 2022)
=500  \\$a"Produced for The Scottish Government by APS Group Scotland".
=500  \\$a"PPDAS920526 (09/21)".
=500  \\$a"A National Statistics publication for Scotland".
=500  \\$a"Crime and justice".
=650  \7$aCrime.$2fast$0(OCoLC)fst00882984
=650  \7$aCriminal statistics.$2fast$0(OCoLC)fst00883500
=651  \7$aScotland.$2fast$0(OCoLC)fst01206715
=655  \0$aGovernment publications.
=690  7\$aSocial Welfare$2blcoll
=710  1\$aScotland.$bScottish Government,$eissuing body.
=710  1\$aGreat Britain.$bOffice for National Statistics.
=710  2\$aAPS Group Scotland.
=884  \\$aLDL ebooks transformation to marcxml using nls_eb2marc.xsl$g20220403$k9781802014150$qUk
=859  \\$aELD$bebook
=CAT  \\$aBATCH-EBKN$b00$c20230505$lBLL01$h0201
=CAT  \\$aBATCH-UPD$b00$c20230505$lBLL01$h0202
=CAT  \\$aEBKS-FXD$c20230505$lBLL01$h0212
=CAT  \\$aBATCH$b00$c20230505$lBLL01$h0213
=CAT  \\$a3391$b40$c20230511$lBLL01$h1618
=CAT  \\$aBATCH-DDC$b00$c20230516$lBLL01$h1725
=CAT  \\$aBATCH$b00$c20230516$lBLL01$h1725
=CAT  \\$aBATCH-SWP$c20230519$lBLL01$h2220
=CAT  \\$a8874$b40$c20230811$lBLL01$h0718
=FIN  \\$aY$d20230516
=DRT  \\$aLD-ebooks
=SRC  \\$aCollection Metadata
=STA  \\$aSUPPRESSED$bNLS record
=LAS  \\$a8874$b40$c20230811$lBLL01$h0718

